<record><leader>00000cas a22000007a 4500</leader><controlfield tag="001">16781676</controlfield><controlfield tag="008">870929d18811890wiuwr ne      0    0eng d</controlfield><datafield ind1=" " ind2=" " tag="010"><subfield code="a">sn 87082843 </subfield></datafield><datafield ind1=" " ind2=" " tag="040"><subfield code="a">NPV</subfield><subfield code="b">eng</subfield><subfield code="c">NPV</subfield><subfield code="d">NVF</subfield><subfield code="d">OCLCQ</subfield></datafield><datafield ind1=" " ind2=" " tag="042"><subfield code="a">msc</subfield></datafield><datafield ind1="0" ind2=" " tag="130"><subfield code="a">Madison weekly Democrat (Madison, Wis.)</subfield></datafield><datafield ind1="1" ind2="0" tag="245"><subfield code="a">Madison weekly Democrat.</subfield></datafield><datafield ind1="1" ind2="3" tag="246"><subfield code="a">Madison Democrat</subfield></datafield><datafield ind1="1" ind2="3" tag="246"><subfield code="a">Weekly Democrat</subfield></datafield><datafield ind1=" " ind2=" " tag="260"><subfield code="a">Madison, Wis. :</subfield><subfield code="b">Democrat Print. Co.,</subfield><subfield code="c">1881-1890.</subfield></datafield><datafield ind1=" " ind2=" " tag="300"><subfield code="a">v.</subfield></datafield><datafield ind1=" " ind2=" " tag="310"><subfield code="a">Weekly</subfield></datafield><datafield ind1="0" ind2=" " tag="362"><subfield code="a">Vol. 13, no. 36 (Jan. 25, 1881)-v. 22, no. 10 (July 15, 1890).</subfield></datafield><datafield ind1=" " ind2=" " tag="752"><subfield code="a">United States</subfield><subfield code="b">Wisconsin</subfield><subfield code="c">Dane</subfield><subfield code="d">Madison.</subfield></datafield><datafield ind1="0" ind2=" " tag="775"><subfield code="t">Madison daily Democrat</subfield><subfield code="w">(DLC)sn 84025141</subfield></datafield><datafield ind1="0" ind2="0" tag="780"><subfield code="t">Madison Democrat (Madison, Wis. : Weekly)</subfield><subfield code="w">(DLC)sn 84025102</subfield></datafield><datafield ind1="0" ind2="0" tag="785"><subfield code="t">Madison Democrat (Madison, Wis. : 1890)</subfield><subfield code="w">(DLC)sn 87082844</subfield></datafield></record>